[gd_scene load_steps=30 format=2]

[ext_resource path="res://Scripts/UI.gd" type="Script" id=1]
[ext_resource path="res://Scripts/inv_space.gd" type="Script" id=2]

[sub_resource type="Gradient" id=1]
offsets = PoolRealArray( 0 )
colors = PoolColorArray( 1, 1, 1, 1 )

[sub_resource type="GradientTexture" id=2]
gradient = SubResource( 1 )
width = 1

[sub_resource type="VisualShaderNodeScalarFunc" id=3]
function = 11

[sub_resource type="VisualShaderNodeScalarOp" id=4]
default_input_values = [ 0, 0.0, 1, 2.0 ]
operator = 5

[sub_resource type="VisualShaderNodeScalarOp" id=5]

[sub_resource type="VisualShaderNodeVectorDecompose" id=6]

[sub_resource type="VisualShaderNodeVectorDecompose" id=7]

[sub_resource type="VisualShaderNodeScalarOp" id=8]
operator = 1

[sub_resource type="VisualShaderNodeScalarOp" id=9]
operator = 1

[sub_resource type="VisualShaderNodeScalarOp" id=10]
operator = 1

[sub_resource type="VisualShaderNodeScalarUniform" id=11]
uniform_name = "Radius"

[sub_resource type="VisualShaderNodeScalarOp" id=12]
operator = 3

[sub_resource type="VisualShaderNodeScalarFunc" id=13]
function = 12

[sub_resource type="VisualShaderNodeScalarOp" id=14]
default_input_values = [ 0, 0.0, 1, 1.0 ]

[sub_resource type="VisualShaderNodeScalarOp" id=15]
default_input_values = [ 0, 0.0, 1, 2.0 ]
operator = 3

[sub_resource type="VisualShaderNodeVec3Constant" id=16]
constant = Vector3( 0.5, 0.5, 0 )

[sub_resource type="VisualShaderNodeScalarUniform" id=17]
uniform_name = "Radius2"

[sub_resource type="VisualShaderNodeScalarOp" id=18]
operator = 1

[sub_resource type="VisualShaderNodeScalarOp" id=19]
operator = 3

[sub_resource type="VisualShaderNodeScalarFunc" id=20]
function = 12

[sub_resource type="VisualShaderNodeScalarOp" id=21]
default_input_values = [ 0, 0.0, 1, 1.0 ]

[sub_resource type="VisualShaderNodeScalarOp" id=22]
default_input_values = [ 0, 0.0, 1, 2.0 ]
operator = 3

[sub_resource type="VisualShaderNodeInput" id=23]
input_name = "uv"

[sub_resource type="VisualShaderNodeScalarOp" id=24]
operator = 1

[sub_resource type="VisualShaderNodeScalarOp" id=25]
default_input_values = [ 0, 0.0, 1, 2.0 ]
operator = 5

[sub_resource type="VisualShader" id=26]
code = "shader_type canvas_item;
uniform float Radius;
uniform float Radius2;



void vertex() {
// Output:0

}

void fragment() {
// ScalarUniform:18
	float n_out18p0;
	n_out18p0 = Radius;

// Input:3
	vec3 n_out3p0;
	n_out3p0 = vec3(UV,0.0);

// VectorDecompose:14
	float n_out14p0;
	float n_out14p1;
	float n_out14p2;
	n_out14p0 = n_out3p0.x;
	n_out14p1 = n_out3p0.y;
	n_out14p2 = n_out3p0.z;

// Vector:23
	vec3 n_out23p0;
	n_out23p0 = vec3(0.500000,0.500000,0.000000);

// VectorDecompose:13
	float n_out13p0;
	float n_out13p1;
	float n_out13p2;
	n_out13p0 = n_out23p0.x;
	n_out13p1 = n_out23p0.y;
	n_out13p2 = n_out23p0.z;

// ScalarOp:15
	float n_out15p0;
	n_out15p0 = n_out14p0 - n_out13p0;

// ScalarOp:9
	float n_in9p1 = 2.00000;
	float n_out9p0;
	n_out9p0 = pow( n_out15p0 , n_in9p1 );

// ScalarOp:16
	float n_out16p0;
	n_out16p0 = n_out14p1 - n_out13p1;

// ScalarOp:11
	float n_in11p1 = 2.00000;
	float n_out11p0;
	n_out11p0 = pow( n_out16p0 , n_in11p1 );

// ScalarOp:12
	float n_out12p0;
	n_out12p0 = n_out9p0 + n_out11p0;

// ScalarFunc:10
	float n_out10p0;
	n_out10p0 = sqrt(n_out12p0);

// ScalarOp:17
	float n_out17p0;
	n_out17p0 = n_out18p0 - n_out10p0;

// ScalarFunc:20
	float n_out20p0;
	n_out20p0 = abs(n_out17p0);

// ScalarOp:19
	float n_out19p0;
	n_out19p0 = n_out17p0 / n_out20p0;

// ScalarOp:21
	float n_in21p1 = 1.00000;
	float n_out21p0;
	n_out21p0 = n_out19p0 + n_in21p1;

// ScalarOp:22
	float n_in22p1 = 2.00000;
	float n_out22p0;
	n_out22p0 = n_out21p0 / n_in22p1;

// ScalarUniform:24
	float n_out24p0;
	n_out24p0 = Radius2;

// ScalarOp:25
	float n_out25p0;
	n_out25p0 = n_out24p0 - n_out10p0;

// ScalarFunc:27
	float n_out27p0;
	n_out27p0 = abs(n_out25p0);

// ScalarOp:26
	float n_out26p0;
	n_out26p0 = n_out25p0 / n_out27p0;

// ScalarOp:28
	float n_in28p1 = 1.00000;
	float n_out28p0;
	n_out28p0 = n_out26p0 + n_in28p1;

// ScalarOp:29
	float n_in29p1 = 2.00000;
	float n_out29p0;
	n_out29p0 = n_out28p0 / n_in29p1;

// ScalarOp:30
	float n_out30p0;
	n_out30p0 = n_out22p0 - n_out29p0;

// Output:0
	COLOR.a = n_out30p0;

}

void light() {
// Output:0

}
"
graph_offset = Vector2( 755.905, -198.992 )
mode = 1
flags/light_only = false
nodes/fragment/0/position = Vector2( 1980, -20 )
nodes/fragment/3/node = SubResource( 23 )
nodes/fragment/3/position = Vector2( -540, 40 )
nodes/fragment/9/node = SubResource( 25 )
nodes/fragment/9/position = Vector2( 200, -100 )
nodes/fragment/10/node = SubResource( 3 )
nodes/fragment/10/position = Vector2( 600, -20 )
nodes/fragment/11/node = SubResource( 4 )
nodes/fragment/11/position = Vector2( 200, 20 )
nodes/fragment/12/node = SubResource( 5 )
nodes/fragment/12/position = Vector2( 400, -40 )
nodes/fragment/13/node = SubResource( 6 )
nodes/fragment/13/position = Vector2( -340, -80 )
nodes/fragment/14/node = SubResource( 7 )
nodes/fragment/14/position = Vector2( -340, 40 )
nodes/fragment/15/node = SubResource( 8 )
nodes/fragment/15/position = Vector2( 20, -100 )
nodes/fragment/16/node = SubResource( 9 )
nodes/fragment/16/position = Vector2( 20, 20 )
nodes/fragment/17/node = SubResource( 10 )
nodes/fragment/17/position = Vector2( 820, -80 )
nodes/fragment/18/node = SubResource( 11 )
nodes/fragment/18/position = Vector2( 600, -80 )
nodes/fragment/19/node = SubResource( 12 )
nodes/fragment/19/position = Vector2( 1240, -80 )
nodes/fragment/20/node = SubResource( 13 )
nodes/fragment/20/position = Vector2( 1020, 0 )
nodes/fragment/21/node = SubResource( 14 )
nodes/fragment/21/position = Vector2( 1420, -80 )
nodes/fragment/22/node = SubResource( 15 )
nodes/fragment/22/position = Vector2( 1600, -80 )
nodes/fragment/23/node = SubResource( 16 )
nodes/fragment/23/position = Vector2( -560, -100 )
nodes/fragment/24/node = SubResource( 17 )
nodes/fragment/24/position = Vector2( 600, 40 )
nodes/fragment/25/node = SubResource( 18 )
nodes/fragment/25/position = Vector2( 820, 80 )
nodes/fragment/26/node = SubResource( 19 )
nodes/fragment/26/position = Vector2( 1240, 80 )
nodes/fragment/27/node = SubResource( 20 )
nodes/fragment/27/position = Vector2( 1020, 160 )
nodes/fragment/28/node = SubResource( 21 )
nodes/fragment/28/position = Vector2( 1420, 80 )
nodes/fragment/29/node = SubResource( 22 )
nodes/fragment/29/position = Vector2( 1600, 80 )
nodes/fragment/30/node = SubResource( 24 )
nodes/fragment/30/position = Vector2( 1780, -20 )
nodes/fragment/connections = PoolIntArray( 9, 0, 12, 0, 11, 0, 12, 1, 12, 0, 10, 0, 3, 0, 14, 0, 14, 0, 15, 0, 13, 0, 15, 1, 13, 1, 16, 1, 14, 1, 16, 0, 15, 0, 9, 0, 16, 0, 11, 0, 17, 0, 19, 0, 17, 0, 20, 0, 20, 0, 19, 1, 10, 0, 17, 1, 18, 0, 17, 0, 19, 0, 21, 0, 21, 0, 22, 0, 23, 0, 13, 0, 25, 0, 26, 0, 25, 0, 27, 0, 27, 0, 26, 1, 26, 0, 28, 0, 28, 0, 29, 0, 10, 0, 25, 1, 24, 0, 25, 0, 22, 0, 30, 0, 29, 0, 30, 1, 30, 0, 0, 1 )

[sub_resource type="ShaderMaterial" id=27]
shader = SubResource( 26 )
shader_param/Radius = 0.39
shader_param/Radius2 = 0.1

[node name="UI" type="Control"]
anchor_right = 1.0
anchor_bottom = 1.0
script = ExtResource( 1 )
__meta__ = {
"_edit_lock_": true
}
first_focus_path = NodePath("Inventory/GridContainer/1")

[node name="CenterContainer" type="CenterContainer" parent="."]
anchor_right = 1.0
anchor_bottom = 1.0
__meta__ = {
"_edit_lock_": true
}

[node name="Control" type="Control" parent="CenterContainer"]
editor/display_folded = true
margin_left = 640.0
margin_top = 360.0
margin_right = 640.0
margin_bottom = 360.0

[node name="ColorRect" type="ColorRect" parent="CenterContainer/Control"]
margin_right = 1.0
margin_bottom = 1.0

[node name="Inventory" type="Panel" parent="."]
margin_left = 66.8073
margin_top = 103.727
margin_right = 328.807
margin_bottom = 581.727

[node name="GridContainer" type="GridContainer" parent="Inventory"]
anchor_right = 1.0
anchor_bottom = 1.0
columns = 4

[node name="1" type="CenterContainer" parent="Inventory/GridContainer"]
margin_right = 62.0
margin_bottom = 64.0
focus_next = NodePath("../2")
focus_previous = NodePath("../28")
focus_mode = 2
size_flags_horizontal = 3
size_flags_vertical = 3
script = ExtResource( 2 )

[node name="Icon" type="TextureRect" parent="Inventory/GridContainer/1"]
margin_left = 31.0
margin_top = 32.0
margin_right = 31.0
margin_bottom = 32.0
stretch_mode = 6

[node name="2" type="CenterContainer" parent="Inventory/GridContainer"]
editor/display_folded = true
margin_left = 66.0
margin_right = 128.0
margin_bottom = 64.0
focus_next = NodePath("../3")
focus_previous = NodePath("../1")
focus_mode = 2
size_flags_horizontal = 3
size_flags_vertical = 3
script = ExtResource( 2 )

[node name="Icon" type="TextureRect" parent="Inventory/GridContainer/2"]
margin_left = 31.0
margin_top = 32.0
margin_right = 31.0
margin_bottom = 32.0
stretch_mode = 3

[node name="3" type="CenterContainer" parent="Inventory/GridContainer"]
editor/display_folded = true
margin_left = 132.0
margin_right = 194.0
margin_bottom = 64.0
focus_next = NodePath("../4")
focus_previous = NodePath("../2")
focus_mode = 2
size_flags_horizontal = 3
size_flags_vertical = 3
script = ExtResource( 2 )

[node name="Icon" type="TextureRect" parent="Inventory/GridContainer/3"]
margin_left = 31.0
margin_top = 32.0
margin_right = 31.0
margin_bottom = 32.0
stretch_mode = 3

[node name="4" type="CenterContainer" parent="Inventory/GridContainer"]
editor/display_folded = true
margin_left = 198.0
margin_right = 260.0
margin_bottom = 64.0
focus_next = NodePath("../5")
focus_previous = NodePath("../3")
focus_mode = 2
size_flags_horizontal = 3
size_flags_vertical = 3
script = ExtResource( 2 )

[node name="Icon" type="TextureRect" parent="Inventory/GridContainer/4"]
margin_left = 31.0
margin_top = 32.0
margin_right = 31.0
margin_bottom = 32.0
stretch_mode = 3

[node name="5" type="CenterContainer" parent="Inventory/GridContainer"]
editor/display_folded = true
margin_top = 68.0
margin_right = 62.0
margin_bottom = 132.0
focus_next = NodePath("../6")
focus_previous = NodePath("../4")
focus_mode = 2
size_flags_horizontal = 3
size_flags_vertical = 3
script = ExtResource( 2 )

[node name="Icon" type="TextureRect" parent="Inventory/GridContainer/5"]
margin_left = 31.0
margin_top = 32.0
margin_right = 31.0
margin_bottom = 32.0
stretch_mode = 3

[node name="6" type="CenterContainer" parent="Inventory/GridContainer"]
editor/display_folded = true
margin_left = 66.0
margin_top = 68.0
margin_right = 128.0
margin_bottom = 132.0
focus_next = NodePath("../7")
focus_previous = NodePath("../5")
focus_mode = 2
size_flags_horizontal = 3
size_flags_vertical = 3
script = ExtResource( 2 )

[node name="Icon" type="TextureRect" parent="Inventory/GridContainer/6"]
margin_left = 31.0
margin_top = 32.0
margin_right = 31.0
margin_bottom = 32.0
stretch_mode = 3

[node name="7" type="CenterContainer" parent="Inventory/GridContainer"]
editor/display_folded = true
margin_left = 132.0
margin_top = 68.0
margin_right = 194.0
margin_bottom = 132.0
focus_next = NodePath("../8")
focus_previous = NodePath("../6")
focus_mode = 2
size_flags_horizontal = 3
size_flags_vertical = 3
script = ExtResource( 2 )

[node name="Icon" type="TextureRect" parent="Inventory/GridContainer/7"]
margin_left = 31.0
margin_top = 32.0
margin_right = 31.0
margin_bottom = 32.0
stretch_mode = 3

[node name="8" type="CenterContainer" parent="Inventory/GridContainer"]
editor/display_folded = true
margin_left = 198.0
margin_top = 68.0
margin_right = 260.0
margin_bottom = 132.0
focus_next = NodePath("../9")
focus_previous = NodePath("../7")
focus_mode = 2
size_flags_horizontal = 3
size_flags_vertical = 3
script = ExtResource( 2 )

[node name="Icon" type="TextureRect" parent="Inventory/GridContainer/8"]
margin_left = 31.0
margin_top = 32.0
margin_right = 31.0
margin_bottom = 32.0
stretch_mode = 3

[node name="9" type="CenterContainer" parent="Inventory/GridContainer"]
editor/display_folded = true
margin_top = 136.0
margin_right = 62.0
margin_bottom = 200.0
focus_next = NodePath("../10")
focus_previous = NodePath("../8")
focus_mode = 2
size_flags_horizontal = 3
size_flags_vertical = 3
script = ExtResource( 2 )

[node name="Icon" type="TextureRect" parent="Inventory/GridContainer/9"]
margin_left = 31.0
margin_top = 32.0
margin_right = 31.0
margin_bottom = 32.0
stretch_mode = 3

[node name="10" type="CenterContainer" parent="Inventory/GridContainer"]
editor/display_folded = true
margin_left = 66.0
margin_top = 136.0
margin_right = 128.0
margin_bottom = 200.0
focus_next = NodePath("../11")
focus_previous = NodePath("../9")
focus_mode = 2
size_flags_horizontal = 3
size_flags_vertical = 3
script = ExtResource( 2 )

[node name="Icon" type="TextureRect" parent="Inventory/GridContainer/10"]
margin_left = 31.0
margin_top = 32.0
margin_right = 31.0
margin_bottom = 32.0
stretch_mode = 3

[node name="11" type="CenterContainer" parent="Inventory/GridContainer"]
editor/display_folded = true
margin_left = 132.0
margin_top = 136.0
margin_right = 194.0
margin_bottom = 200.0
focus_next = NodePath("../12")
focus_previous = NodePath("../10")
focus_mode = 2
size_flags_horizontal = 3
size_flags_vertical = 3
script = ExtResource( 2 )

[node name="Icon" type="TextureRect" parent="Inventory/GridContainer/11"]
margin_left = 31.0
margin_top = 32.0
margin_right = 31.0
margin_bottom = 32.0
stretch_mode = 3

[node name="12" type="CenterContainer" parent="Inventory/GridContainer"]
editor/display_folded = true
margin_left = 198.0
margin_top = 136.0
margin_right = 260.0
margin_bottom = 200.0
focus_next = NodePath("../13")
focus_previous = NodePath("../11")
focus_mode = 2
size_flags_horizontal = 3
size_flags_vertical = 3
script = ExtResource( 2 )

[node name="Icon" type="TextureRect" parent="Inventory/GridContainer/12"]
margin_left = 31.0
margin_top = 32.0
margin_right = 31.0
margin_bottom = 32.0
stretch_mode = 3

[node name="13" type="CenterContainer" parent="Inventory/GridContainer"]
editor/display_folded = true
margin_top = 204.0
margin_right = 62.0
margin_bottom = 268.0
focus_next = NodePath("../14")
focus_previous = NodePath("../12")
focus_mode = 2
size_flags_horizontal = 3
size_flags_vertical = 3
script = ExtResource( 2 )

[node name="Icon" type="TextureRect" parent="Inventory/GridContainer/13"]
margin_left = 31.0
margin_top = 32.0
margin_right = 31.0
margin_bottom = 32.0
stretch_mode = 3

[node name="14" type="CenterContainer" parent="Inventory/GridContainer"]
editor/display_folded = true
margin_left = 66.0
margin_top = 204.0
margin_right = 128.0
margin_bottom = 268.0
focus_next = NodePath("../15")
focus_previous = NodePath("../13")
focus_mode = 2
size_flags_horizontal = 3
size_flags_vertical = 3
script = ExtResource( 2 )

[node name="Icon" type="TextureRect" parent="Inventory/GridContainer/14"]
margin_left = 31.0
margin_top = 32.0
margin_right = 31.0
margin_bottom = 32.0
stretch_mode = 3

[node name="15" type="CenterContainer" parent="Inventory/GridContainer"]
editor/display_folded = true
margin_left = 132.0
margin_top = 204.0
margin_right = 194.0
margin_bottom = 268.0
focus_next = NodePath("../16")
focus_previous = NodePath("../14")
focus_mode = 2
size_flags_horizontal = 3
size_flags_vertical = 3
script = ExtResource( 2 )

[node name="Icon" type="TextureRect" parent="Inventory/GridContainer/15"]
margin_left = 31.0
margin_top = 32.0
margin_right = 31.0
margin_bottom = 32.0
stretch_mode = 3

[node name="16" type="CenterContainer" parent="Inventory/GridContainer"]
editor/display_folded = true
margin_left = 198.0
margin_top = 204.0
margin_right = 260.0
margin_bottom = 268.0
focus_next = NodePath("../17")
focus_previous = NodePath("../15")
focus_mode = 2
size_flags_horizontal = 3
size_flags_vertical = 3
script = ExtResource( 2 )

[node name="Icon" type="TextureRect" parent="Inventory/GridContainer/16"]
margin_left = 31.0
margin_top = 32.0
margin_right = 31.0
margin_bottom = 32.0
stretch_mode = 3

[node name="17" type="CenterContainer" parent="Inventory/GridContainer"]
editor/display_folded = true
margin_top = 272.0
margin_right = 62.0
margin_bottom = 336.0
focus_next = NodePath("../18")
focus_previous = NodePath("../16")
focus_mode = 2
size_flags_horizontal = 3
size_flags_vertical = 3
script = ExtResource( 2 )

[node name="Icon" type="TextureRect" parent="Inventory/GridContainer/17"]
margin_left = 31.0
margin_top = 32.0
margin_right = 31.0
margin_bottom = 32.0
stretch_mode = 3

[node name="18" type="CenterContainer" parent="Inventory/GridContainer"]
editor/display_folded = true
margin_left = 66.0
margin_top = 272.0
margin_right = 128.0
margin_bottom = 336.0
focus_next = NodePath("../19")
focus_previous = NodePath("../17")
focus_mode = 2
size_flags_horizontal = 3
size_flags_vertical = 3
script = ExtResource( 2 )

[node name="Icon" type="TextureRect" parent="Inventory/GridContainer/18"]
margin_left = 31.0
margin_top = 32.0
margin_right = 31.0
margin_bottom = 32.0
stretch_mode = 3

[node name="19" type="CenterContainer" parent="Inventory/GridContainer"]
editor/display_folded = true
margin_left = 132.0
margin_top = 272.0
margin_right = 194.0
margin_bottom = 336.0
focus_next = NodePath("../20")
focus_previous = NodePath("../18")
focus_mode = 2
size_flags_horizontal = 3
size_flags_vertical = 3
script = ExtResource( 2 )

[node name="Icon" type="TextureRect" parent="Inventory/GridContainer/19"]
margin_left = 31.0
margin_top = 32.0
margin_right = 31.0
margin_bottom = 32.0
stretch_mode = 3

[node name="20" type="CenterContainer" parent="Inventory/GridContainer"]
editor/display_folded = true
margin_left = 198.0
margin_top = 272.0
margin_right = 260.0
margin_bottom = 336.0
focus_next = NodePath("../21")
focus_previous = NodePath("../19")
focus_mode = 2
size_flags_horizontal = 3
size_flags_vertical = 3
script = ExtResource( 2 )

[node name="Icon" type="TextureRect" parent="Inventory/GridContainer/20"]
margin_left = 31.0
margin_top = 32.0
margin_right = 31.0
margin_bottom = 32.0
stretch_mode = 3

[node name="21" type="CenterContainer" parent="Inventory/GridContainer"]
editor/display_folded = true
margin_top = 340.0
margin_right = 62.0
margin_bottom = 404.0
focus_next = NodePath("../22")
focus_previous = NodePath("../20")
focus_mode = 2
size_flags_horizontal = 3
size_flags_vertical = 3
script = ExtResource( 2 )

[node name="Icon" type="TextureRect" parent="Inventory/GridContainer/21"]
margin_left = 31.0
margin_top = 32.0
margin_right = 31.0
margin_bottom = 32.0
stretch_mode = 3

[node name="22" type="CenterContainer" parent="Inventory/GridContainer"]
editor/display_folded = true
margin_left = 66.0
margin_top = 340.0
margin_right = 128.0
margin_bottom = 404.0
focus_next = NodePath("../23")
focus_previous = NodePath("../21")
focus_mode = 2
size_flags_horizontal = 3
size_flags_vertical = 3
script = ExtResource( 2 )

[node name="Icon" type="TextureRect" parent="Inventory/GridContainer/22"]
margin_left = 31.0
margin_top = 32.0
margin_right = 31.0
margin_bottom = 32.0
stretch_mode = 3

[node name="23" type="CenterContainer" parent="Inventory/GridContainer"]
editor/display_folded = true
margin_left = 132.0
margin_top = 340.0
margin_right = 194.0
margin_bottom = 404.0
focus_next = NodePath("../24")
focus_previous = NodePath("../22")
focus_mode = 2
size_flags_horizontal = 3
size_flags_vertical = 3
script = ExtResource( 2 )

[node name="Icon" type="TextureRect" parent="Inventory/GridContainer/23"]
margin_left = 31.0
margin_top = 32.0
margin_right = 31.0
margin_bottom = 32.0
stretch_mode = 3

[node name="24" type="CenterContainer" parent="Inventory/GridContainer"]
editor/display_folded = true
margin_left = 198.0
margin_top = 340.0
margin_right = 260.0
margin_bottom = 404.0
focus_next = NodePath("../25")
focus_previous = NodePath("../23")
focus_mode = 2
size_flags_horizontal = 3
size_flags_vertical = 3
script = ExtResource( 2 )

[node name="Icon" type="TextureRect" parent="Inventory/GridContainer/24"]
margin_left = 31.0
margin_top = 32.0
margin_right = 31.0
margin_bottom = 32.0
stretch_mode = 3

[node name="25" type="CenterContainer" parent="Inventory/GridContainer"]
editor/display_folded = true
margin_top = 408.0
margin_right = 62.0
margin_bottom = 472.0
focus_next = NodePath("../26")
focus_previous = NodePath("../24")
focus_mode = 2
size_flags_horizontal = 3
size_flags_vertical = 3
script = ExtResource( 2 )

[node name="Icon" type="TextureRect" parent="Inventory/GridContainer/25"]
margin_left = 31.0
margin_top = 32.0
margin_right = 31.0
margin_bottom = 32.0
stretch_mode = 3

[node name="26" type="CenterContainer" parent="Inventory/GridContainer"]
editor/display_folded = true
margin_left = 66.0
margin_top = 408.0
margin_right = 128.0
margin_bottom = 472.0
focus_next = NodePath("../27")
focus_previous = NodePath("../25")
focus_mode = 2
size_flags_horizontal = 3
size_flags_vertical = 3
script = ExtResource( 2 )

[node name="Icon" type="TextureRect" parent="Inventory/GridContainer/26"]
margin_left = 31.0
margin_top = 32.0
margin_right = 31.0
margin_bottom = 32.0
stretch_mode = 3

[node name="27" type="CenterContainer" parent="Inventory/GridContainer"]
editor/display_folded = true
margin_left = 132.0
margin_top = 408.0
margin_right = 194.0
margin_bottom = 472.0
focus_next = NodePath("../28")
focus_previous = NodePath("../26")
focus_mode = 2
size_flags_horizontal = 3
size_flags_vertical = 3
script = ExtResource( 2 )

[node name="Icon" type="TextureRect" parent="Inventory/GridContainer/27"]
margin_left = 31.0
margin_top = 32.0
margin_right = 31.0
margin_bottom = 32.0
stretch_mode = 3

[node name="28" type="CenterContainer" parent="Inventory/GridContainer"]
editor/display_folded = true
margin_left = 198.0
margin_top = 408.0
margin_right = 260.0
margin_bottom = 472.0
focus_next = NodePath("../1")
focus_previous = NodePath("../27")
focus_mode = 2
size_flags_horizontal = 3
size_flags_vertical = 3
script = ExtResource( 2 )

[node name="Icon" type="TextureRect" parent="Inventory/GridContainer/28"]
margin_left = 31.0
margin_top = 32.0
margin_right = 31.0
margin_bottom = 32.0
stretch_mode = 3

[node name="NinePatchRect" type="NinePatchRect" parent="Inventory"]
margin_left = 0.117508
margin_right = 62.1175
margin_bottom = 62.0
size_flags_horizontal = 3
size_flags_vertical = 3
texture = SubResource( 2 )
draw_center = false
region_rect = Rect2( 57, 0, 1, 1 )
patch_margin_left = 1
patch_margin_top = 1
patch_margin_right = 1
patch_margin_bottom = 1

[node name="TextAnchor" type="Control" parent="."]
margin_right = 40.0
margin_bottom = 40.0

[node name="ActionText" type="Label" parent="TextAnchor"]
margin_right = 40.0
margin_bottom = 14.0
text = "TESTTESTTEST"

[node name="Control" type="ColorRect" parent="."]
material = SubResource( 27 )
anchor_left = 0.5
anchor_top = 0.5
anchor_right = 0.5
anchor_bottom = 0.5
margin_left = -193.0
margin_top = -193.0
margin_right = 193.0
margin_bottom = 193.0
color = Color( 0, 0.00392157, 0.207843, 1 )

